<?xml version="1.0" encoding="UTF-8"?><collection xmlns="http://www.loc.gov/MARC21/slim"><record><leader>00449nam--2200145-i-4500</leader><controlfield tag="001">000019500</controlfield><controlfield tag="002">20161230</controlfield><controlfield tag="005">20161230201033</controlfield><controlfield tag="008">060222s1000------------r-----000-0-eng-d</controlfield><datafield ind1=" " ind2=" " tag="080"><subfield code="a">681.3</subfield></datafield><datafield ind1=" " ind2=" " tag="100"><subfield code="a">Duda, Richard O.,.Hart, Peter E</subfield></datafield><datafield ind1=" " ind2=" " tag="245"><subfield code="a">Pattern classification and scence analysis</subfield></datafield><datafield ind1=" " ind2=" " tag="260"><subfield code="a">New York, John Wiley &amp; Sons, A Wiley- Interscience Publication, 1973. Xvii + 482 P</subfield></datafield><datafield ind1=" " ind2=" " tag="490"><subfield code="a">A Wiley- Interscience Publication</subfield></datafield><datafield ind1=" " ind2=" " tag="852"><subfield code="a">41978</subfield></datafield></record></collection>